%! Author = Bomber
%! Date = 17/10/2023

@misc{mosquitto-install,
    howpublished = {\url{https://mosquitto.org/download/}},
}

@misc{mosquitto-install-1,
    howpublished = {\url{https://lorenzocasaburo.it/raspberry-pi/installazione-e-configurazione-broker-mqtt-mosquitto/}},
}

@misc{mosquitto-par-conf,
    howpublished ={\url{https://mosquitto.org/man/mosquitto-conf-5.html}}
}

@misc{mosquitto-auth,
    howpublished ={\url{https://mosquitto.org/documentation/authentication-methods/}}
}

@misc{mosquitto-password,
    howpublished ={\url{https://mosquitto.org/man/mosquitto_passwd-1.html}}
}


@misc{mosquitto-password-1,
    howpublished ={\url{http://www.steves-internet-guide.com/mqtt-username-password-example/}}
}

@misc{mosquitto-ssl,
    howpublished ={\url{https://mosquitto.org/man/mosquitto-tls-7.html}}
}

@misc{mosquitto-ssl-1,
    howpublished ={\url{https://www.steves-internet-guide.com/using-lets-encrypt-certificate-mosquitto/}}
}

@misc{mosquitto-ssl-2,
    howpublished ={\url{https://github.com/eclipse/mosquitto/blob/master/README-letsencrypt.md}}
}

@misc{mosquitto-ssl-3,
    howpublished ={\url{https://mosquitto.org/man/mosquitto-tls-7.html}}
}

@misc{mosquitto-ssl-4,
    howpublished ={\url{https://tecadmin.net/auto-renew-lets-encrypt-certificates/}}
}

@misc{client-python,
  howpublished = {\url{https://www.python.org/downloads/}}
}

@misc{client-virtualenv,
  howpublished = {\url{https://virtualenv.pypa.io}}
}

@misc{client-paho-doc-main,
  howpublished = {\url{https://eclipse.dev/paho/index.php?page=clients/python/index.php}}
}

@misc{client-paho-doc-complete,
  howpublished = {\url{https://eclipse.dev/paho/files/paho.mqtt.python/html/index.html}}
}
  
@misc{client-paho-doc-examples,
  howpublished = {\url{https://github.com/eclipse/paho.mqtt.python/tree/master/examples}}
}

@misc{client-paho-doc-client,
  howpublished = {\url{https://eclipse.dev/paho/files/paho.mqtt.python/html/client.html}}
}

@misc{client-paho-guide-1,
  howpublished = {\url{http://www.steves-internet-guide.com/into-mqtt-python-client/}}
}

@misc{client-supervisor-guida,
  howpublished = {\url{https://www.digitalocean.com/community/tutorials/how-to-install-and-manage-supervisor-on-ubuntu-and-debian-vps}}
}

@misc{client-supervisor-doc,
  howpublished = {\url{http://supervisord.org}}
}

@misc{client-supervisor-config,
  howpublished = {\url{http://supervisord.org/configuration.html/}}
}

@misc{client-supervisor-program,
  howpublished = {\url{http://supervisord.org/configuration.html#program-x-section-settings}}
}

@misc{client-supervisor-comandi,
  howpublished = {\url{http://supervisord.org/running.html#supervisorctl-actions}}
}

@misc{flask-doc,
  howpublished = {\url{https://flask.palletsprojects.com/en/3.0.x/}}
}

@misc{flask-doc-blueprint,
  howpublished = {\url{https://flask.palletsprojects.com/en/3.0.x/tutorial/views/}}
}

@misc{flask-doc-templates,
  howpublished = {\url{https://flask.palletsprojects.com/en/3.0.x/tutorial/templates/}}
}

@misc{flask-doc-deploying,
  howpublished = {\url{https://flask.palletsprojects.com/en/3.0.x/deploying/}}
}

@misc{flask-doc-deploying-gunicorn,
  howpublished = {\url{https://docs.gunicorn.org/en/stable/index.html}}
}

@misc{flask-doc-deploying-nginx,
  howpublished = {\url{https://nginx.org/en/docs/}}
}

@misc{hass-installazione,
  howpublished = {\url{https://www.home-assistant.io/installation/}}
}

@misc{hass-config,
  howpublished = {\url{https://www.home-assistant.io/integrations/default_config/#configuration}}
}

@misc{hass-config-community1,
  howpublished = {\url{https://community.home-assistant.io/t/default-config-what-is-inside-as-of-2022-4/411015}}
}

@misc{hass-config-comumnity2,
  howpublished = {\url{https://community.home-assistant.io/t/convert-away-from-default-config/204333/6}}
}

@misc{hass-mqtt,
  howpublished = {\url{https://www.home-assistant.io/integrations/mqtt/}}
}

@misc{hass-dashboard,
  howpublished = {\url{https://www.home-assistant.io/dashboards/}}
}