@misc{pandas,
	howpublished ={\url{https://pandas.pydata.org/}}
}

@misc{statsmodels,
	howpublished ={\url{https://www.statsmodels.org/stable/index.html}}
}

@misc{flask,
	howpublished ={\url{https://flask.palletsprojects.com/en/2.1.x/}}
}

@misc{paho,
	howpublished ={\url{https://pypi.org/project/paho-mqtt/}}
}

@misc{argparse,
	howpublished ={\url{https://docs.python.org/3/library/argparse.html}}
}


@misc{stepwise-regression,
	howpublished ={\url{https://github.com/AakkashVijayakumar/stepwise-regression}}
}

@misc{mqtt,
	howpublished ={\url{https://mqtt.org/}}
}